%% This BibTeX bibliography file was created using BibDesk.
%% http://bibdesk.sourceforge.net/

%% Created for Ficos at 2016-09-03 16:10:55 +0800


%% Saved with string encoding Unicode (UTF-8)



@book{lym,
	Author = {Yamin Li},
	Date-Added = {2016-09-03 08:09:52 +0000},
	Date-Modified = {2016-09-03 08:10:54 +0000},
	Publisher = {Tsinghua University Press},
	Read = {1},
	Title = {Computer Principles and Design in Verilog HDL},
	Year = {2011}}

@book{lsl,
	Author = {雷思磊},
	Date-Added = {2016-09-03 06:32:45 +0000},
	Date-Modified = {2016-09-03 06:34:28 +0000},
	Publisher = {电子工业出版社},
	Read = {0},
	Title = {自己动手写CPU},
	Year = {2014}}

@book{COD,
  title={Computer Organization and Design: The Hardware/Software Interface},
  author={Patterson, D.A. and Hennessy, J.L.},
  isbn={9780124078864},
  series={The Morgan Kaufmann Series in Computer Architecture and Design},
  url={https://books.google.co.jp/books?id=EVhgAAAAQBAJ},
  year={2013},
  publisher={Elsevier Science}
}

@book{CAAQA,
  title={Computer Architecture: A Quantitative Approach},
  author={Hennessy, J.L. and Patterson, D.A. and Asanovi{\'c}, K.},
  isbn={9780123838728},
  lccn={2011038128},
  series={Computer Architecture: A Quantitative Approach},
  url={https://books.google.co.jp/books?id=v3-1hVwHnHwC},
  year={2012},
  publisher={Morgan Kaufmann/Elsevier}
}